@book{opSystem,
  title={Operating System Concepts eighth edition},
  author={Silberschatz, Galvin, Gagne},
  isbn={9780470128725},
  url={http://books.google.com/books?id=W-xMPgAACAAJ},
  year={2009},
  publisher={John Wiley & Sons}
}
